@article{pf_fox,
author = {Dellaert, F. and Fox, D. and Burgard, W. and Thrun, S.},
doi = {10.1109/ROBOT.1999.772544},
isbn = {0-7803-5180-0},
issn = {1050-4729},
journal = {Proceedings 1999 IEEE International Conference on Robotics and Automation (Cat. No.99CH36288C)},
number = {May},
pages = {1322--1328},
pmid = {1222},
title = {{Monte Carlo localization for mobile robots}},
volume = {2},
year = {1999}
}

@BOOK{pr,
	Author = {Thrun, S. and Burgard, W. and Fox, D.},
	Title = {Probablistic Robotics},
	Publisher = {Massachusetts Institute of Technology},
	Year = {2006},
	ISBN = {9780262201629}
}


@article{Koch2015,
	author = {Koch, Philipp and May, Stefan and Schmidpeter, Michael and Kuhn, Markus and Pfitzner, Christian and Merkl, Christian and Koch, Rainer and Fees, Martin and Martin, Jon and Nuchter, Andreas},
	journal = {2015 IEEE International Conference on Autonomous Robot Systems and Competitions},
	pages = {77--82},
	title = {{Multi-robot Localization and Mapping Based on Signed Distance Functions}},
	year = {2015}
}
@article{May2014,
	author = {May, Stefan and Koch, Philipp and Koch, Rainer and Merkl, Christian and Pfitzner, Christian and N{\"{u}}chter, Andreas},
	journal = {19th International Workshop on Vision, Modeling and Visualization},
	title = {{A Generalized 2D and 3D Multi-Sensor Data Integration Approach based on Signed Distance Functions for Multi-Modal Robotic Mapping}},
	year = {2014}
}
@MISC{ohmtsdslam:ros,
  title = {Ohm TSD SLAM},
  note = {Online; accessed 29-March-2016},
  owner = {phil},
  timestamp = {2015.01.14},
  howpublished = "\url{http://wiki.ros.org/ohm_tsd_slam}"
}
@ARTICLE{bsl:icp,
author={Besl, P.J. and McKay, Neil D.},
journal={Pattern Analysis and Machine Intelligence, IEEE Transactions on},
title={A method for registration of 3-D shapes},
year={1992},
month={Feb},
volume={14},
number={2},
pages={239-256},
keywords={computational geometry;convergence of numerical methods;iterative methods;optimisation;pattern recognition;picture processing;3D shape registration;convergence;geometric entity;geometric model;iterative closest point;mean-square distance metric;pattern recognition;point set registration;Convergence;Inspection;Iterative algorithms;Iterative closest point algorithm;Iterative methods;Motion estimation;Quaternions;Shape measurement;Solid modeling;Testing},
doi={10.1109/34.121791},
ISSN={0162-8828}
}
@INPROCEEDINGS{chen:icp,
  author = {Chen, Y. and Medioni, G.},
  title = {Object modeling by registration of multiple range images},
  booktitle = {Robotics and Automation, 1991. Proceedings., 1991 IEEE International
	Conference on},
  year = {1991},
  pages = {2724-2729 vol.3},
  month = {Apr},
  keywords = {functional equations;minimisation;pattern recognition;complex objects;functional
	equations;image registration;minimisation;modeling procedure;object
	modelling;pattern recognition;range images;three-dimensional information;Biological
	system modeling;Contracts;Data acquisition;Design automation;Intelligent
	robots;Intelligent systems;Manufacturing automation;Object recognition;Registers;Sensor
	phenomena and characterization}
}
@ARTICLE{zhang:icp,
  author = {Zhang, Zhengyou},
  title = {Iterative Point Matching for Registration of Free-form Curves and
	Surfaces},
  journal = {Int. J. Comput. Vision},
  year = {1994},
  volume = {13},
  pages = {119--152},
  number = {2},
  month = oct,
  acmid = {195970},
  address = {Hingham, MA, USA},
  issn = {0920-5691},
  issue_date = {Oct. 1994},
  numpages = {34},
  publisher = {Kluwer Academic Publishers},
}
@article{Fischler:ransac,
 author = {Fischler, Martin A. and Bolles, Robert C.},
 title = {Random Sample Consensus: A Paradigm for Model Fitting with Applications to Image Analysis and Automated Cartography},
 journal = {Commun. ACM},
 issue_date = {June 1981},
 volume = {24},
 number = {6},
 month = jun,
 year = {1981},
 issn = {0001-0782},
 pages = {381--395},
 numpages = {15},
 acmid = {358692},
 publisher = {ACM},
 address = {New York, NY, USA},
} 
@INPROCEEDINGS{curless:sdf,
  author = {Curless, Brian and Levoy, Marc},
  title = {A Volumetric Method for Building Complex Models from Range Images},
  booktitle = {Proceedings of the 23rd Annual Conference on Computer Graphics and
	Interactive Techniques},
  year = {1996},
  series = {SIGGRAPH '96},
  pages = {303--312},
  address = {New York, NY, USA},
  publisher = {ACM},
  acmid = {237269},
  doi = {10.1145/237170.237269},
  isbn = {0-89791-746-4},
  keywords = {isosurface extraction, range image integration, surface fitting, three-dimensional
	shape recovery},
  numpages = {10},
  url = {http://doi.acm.org/10.1145/237170.237269}
}

